

@manual{V14,
title = {Versuchsanleitung zu Versuch V14},
year = {2022},
organization = {Fakultät Phyik, TU Dortmund},
}

@online{Zerfall,
url = {https://www.leifiphysik.de/kern-teilchenphysik/radioaktivitaet-fortfuehrung/versuche/gammaspektrum-von-cs-137},
urldate = {2022-20-04},
title = {Abbildung für den Zerfall von Cs-137},
year = {2022},
}

@online{chemie,
  author       = {HUG Technik},
  howpublished = {Online},
  title        = {Metallische Werkstoffe, Physikalische Eigenschaften},
  urldate      = {2022-11-04},
  url          = {https://www.hug-technik.com/inhalt/ta/metall.htm}
}
@online{delrin,
  author       = {Reichelt Chemietechnik GmbH},
  howpublished = {Online},
  title        = {polyoxymethylen},
  urldate      = {2022-11-04},
  url          = {https://www.rct-online.de/de/RctGlossar/detail/id/17}
}

@online{energien,
url = {https://www.ld-didactic.de/software/524221de/Content/Appendix/ComptonSpectrum.htm},
urldate = {2022-07-07},
title = {Literaturwerte für die Energien des Photopeaks und der Comptonkante bei Caesium.},
year = {2022},
}


