@online{Chemie.de-Wärmekapazität,
url = {https://www.chemie.de/lexikon/Spezifische_W\%C3\%A4rmekapazit\%C3\%A4t.html},
urldate = {2020-11-01},
title = {Literaturwert für spezifische Wärmekapazität von Wasser},
year = {2020},
}

@manual{V60,
title = {Versuchsanleitung zu Versuch V60},
year = {2022},
organization = {Fakultät Phyik, TU Dortmund},
}

@online{emissiongraphic,
url = {https://www.goseeko.com/blog/what-is-stimulated-emission/},
urldate = {2020-06-09},
title = {Graphic for interaction between photon and electron},
year = {2022},
}

@online{threelevel,
url = {https://almerja.com/reading.php?i=0&ida=1786&id=705&idm=40023},
urldate = {2020-06-09},
title = {Graphic for three level scheme},
year = {2022},
}