@manual{V48,
title = {Versuchsanleitung zu Versuch V48},
year = {2022},
organization = {Fakult√§t Phyik, TU Dortmund},
}

@article{muccillo,
  author = {Muccillo, R. and Rolfe, J.},
  title = {Effect of Irradiation on Impurity-Vacancy Dipoles in $\ce{K Br}$ Crystalls Doped with Strontium},
  journal = {phisica status solidi},
  volume = {61},
  pages = {579--587},
  year = {1974}
}

