@online{Chemie.de-Wärmekapazität,
url = {https://www.chemie.de/lexikon/Spezifische_W\%C3\%A4rmekapazit\%C3\%A4t.html},
urldate = {2020-11-01},
title = {Literaturwert für spezifische Wärmekapazität von Wasser},
year = {2020},
}

@manual{V27,
title = {Versuchsanleitung zu Versuch V27},
year = {2022},
organization = {Fakultät Phyik, TU Dortmund},
}

@online{Zerfall,
url = {https://www.leifiphysik.de/kern-teilchenphysik/radioaktivitaet-fortfuehrung/versuche/gammaspektrum-von-cs-137},
urldate = {2022-20-04},
title = {Abbildung für den Zerfall von Cs-137},
year = {2022},
}

@online{chemie,
  author       = {HUG Technik},
  howpublished = {Online},
  title        = {Metallische Werkstoffe, Physikalische Eigenschaften},
  urldate      = {2022-11-04},
  url          = {https://www.hug-technik.com/inhalt/ta/metall.htm}
}
@online{delrin,
  author       = {Reichelt Chemietechnik GmbH},
  howpublished = {Online},
  title        = {polyoxymethylen},
  urldate      = {2022-11-04},
  url          = {https://www.rct-online.de/de/RctGlossar/detail/id/17}
}

@online{Rick,
  author       = {Rick Astley},
  howpublished = {Online},
  title        = {Rick Astley - Never Gonna Give You Up (Official Music Video)},
  urldate      = {2009-10-25},
  url          = {https://www.youtube.com/watch?v=dQw4w9WgXcQ}
}

@online{Spektrum,
howpublished = {Online},
title        = {Auflösungsvermögen},
urldate      = {2022-07-08},
url          = {https://www.spektrum.de/lexikon/physik/aufloesungsvermoegen/961}
}


